@book{KnuthAOCP2,
 author = {Knuth, Donald E.},
 title = {The Art of Computer Programming, Volume 2 (3rd Ed.): Seminumerical Algorithms},
 year = {1997},
 isbn = {0-201-89684-2},
 publisher = {Addison-Wesley Longman Publishing Co., Inc.},
 address = {Boston, MA, USA},
} 

@article{Hoare1961,
 author = {Hoare, C. A. R.},
 title = {Algorithm 64: {Q}uicksort},
 journal = {Commun. ACM},
 issue_date = {July 1961},
 volume = {4},
 number = {7},
 month = jul,
 year = {1961},
 issn = {0001-0782},
 pages = {321},
 url = {http://doi.acm.org/10.1145/366622.366644},
 doi = {10.1145/366622.366644},
 acmid = {366644},
 publisher = {ACM},
 address = {New York, NY, USA},
}

@online{BI,
 author = {},
 key = {Business world - BI},
 title = {Co je to business intelligence},
 publisher = {CFO world},
 year = {1999},
 cited = {2016/12/10},
 url = {http://businessworld.cz/ostatni/co-je-to-business-intelligence-7157}
}

@online{StyleScopefree,
	author = {},
	key = {Style Scope Agile Edition},
	title = {Style Scope Agile Edition},
	publisher = {InetSoft Texhnology Corp.},
	year = {2015},
	cited = {2016/12/10},
	url = {http://www.dashboardfree.com/}
}
@online{JavaStandings,
	author = {},
	key = {Table of programming languages},
	title = {Tiobe index for December 2016},
	publisher = {TIOBE software BV},
	year = {2016},
	cited = {2016/12/10},
	url = {http://www.tiobe.com/tiobe-index/}
}
@online{InetTechnology,
	author = {},
	key = {Archive},
	title = {Company Background},
	publisher = {InetSoft Technology Corp},
	year = {2002},
	cited = {2016/12/10},
	url = {http://web.archive.org/web/20020210121546/www.inetsoft.com/cgi-bin/v6/index.pl?aboutus/backgrounder.html}
}
@online{DataBlock,
	author = {},
	key = {Architektura DataBlock},
	title = {InetSoft Technology: Database Access Software},
	publisher = {InetSoft Technology Corp},
	year = {2016},
	cited = {2016/12/10},
	url = {https://www.inetsoft.com/company/database_access_software/}
}
@online{InetKompatilbilita,
	author = {},
	key = {Kompatibilita},
	title = {Style Intelligence
	- Business Intelligence Software},
	publisher = {InetSoft Technology Corp},
	year = {2016},
	cited = {2016/12/10},
	url = {https://www.inetsoft.com/products/StyleIntelligence/}
}
@online{InetCenik,
	author = {},
	key = {Pricing},
	title = {Style Intelligence
	- Business Intelligence Software},
	publisher = {InetSoft Technology Corp},
	year = {2016},
	cited = {2016/12/10},
	url = {https://www.inetsoft.com/company/bi_dashboard_pricing/}
}
@online{Splunk_a_kompatibilita,
	author = {},
	key = {INfo a kompatibilita},
	title = {Download Splunk Enterprise},
	publisher = {Splunk Inc.},
	year = {2015-2016},
	cited = {2016/12/10},
	url = {https://www.splunk.com/en_us/download/sem.html?ac=ga0508_s_splunk&_kk=download%2520splunk&_kt=c02e72c3-e19a-49ad-b070-f6acd33faee3&gclid=CNK84bG06dACFUE_Gwodux8AlQ}
}
@online{Splunk_security,
	author = {},
	key = {US government},
	title = {Booz Allen Hamilton and Splunk Announce Strategic Alliance to Deliver Predictive Security Analytics and Operationalize Threat Intelligence},
	publisher = {Splunk Inc.},
	year = {2015},
	cited = {2016/12/10},
	url = {http://www.splunk.com/view/booz-allen-hamilton-and-splunk-announce-strategic-alliance-to-deliver-predictive-security-analytics-and-operationalize-threat-intelligence/SP-CAAAPB7}
}
@online{BigData,
	author = {Ondřej Dolák},
	key = {Big data definice},
	title = {Big data},
	publisher = {SystemOnLine.cz},
	year = {2011},
	cited = {2016/12/10},
	url = {https://www.systemonline.cz/clanky/big-data.htm}
}
@online{MachineLearning,
	author = {},
	key = {Python based machine learning},
	title = {Machine Learning Toolkit},
	publisher = {Splunk Inc.},
	year = {2016},
	cited = {2016/12/10},
	url = {https://splunkbase.splunk.com/app/2890/#/overview}
}

@online{TableauHistory,
	author = {},
	key = {Interview},
	title = {How To Get a 20 Million Dollar Pre-Money Valuation for Series A: Tableau Software CEO Christian Chabot},
	publisher = {
	Sramana Mitra's Biography},
	year = {2010},
	cited = {2016/12/11},
	url = {http://www.sramanamitra.com/2010/03/04/how-to-get-a-20-million-pre-money-valuation-for-series-a-tableau-software-ceo-christian-chabot-part-2/}
}
@online{VizQL,
	author = {},
	key = {Overview},
	title = {VizQL™},
	publisher = {TABLEAU SOFTWARE},
	year = {2016},
	cited = {2016/12/11},
	url = {http://www.tableau.com/about/mission#vizql}
}
@online{TableauSources,
	author = {},
	key = {Sources},
	title = {Connect to more data},
	publisher = {TABLEAU SOFTWARE},
	year = {2016},
	cited = {2016/12/11},
	url = {http://www.tableau.com/products/desktop#data-sources-professional}
}
@online{TableauPricing,
	author = {},
	key = {Pricing},
	title = {Pricing},
	publisher = {TABLEAU SOFTWARE},
	year = {2016},
	cited = {2016/12/11},
	url = {http://www.tableau.com/products/desktop#pricing-specs}
}

@online{SisenseStandings,
	author = {},
	key = {Leader},
	title = {Sisense REVIEW},
	publisher = {FinancesOnline.com},
	year = {2016},
	cited = {2016/12/11},
	url = {https://reviews.financesonline.com/p/sisense/}
}

@online{ElasticCube,
	author = {},
	key = {ElasticCube technology},
	title = {Introduction to ElastiCubes},
	publisher = { Sisense Inc.},
	year = {2014},
	cited = {2016/12/11},
	url = {https://www.sisense.com/documentation/v5/elasticube-manager/introduction-to-elasticube-manager/}
}
@online{SchemaElastic,
	author = {Alex Brasetvik},
	key = {Schema Flexible},
	title = {Elasticsearch as a NoSQL Database},
	publisher = {Elasticsearch},
	year = {2013},
	cited = {2016/12/11},
	url = {https://www.elastic.co/blog/found-elasticsearch-as-nosql#schema-flexible}
}



